@misc{Sanremo:1,
title = "Sanremo",
author = "RAI",
howpublished = "\url{https://www.rai.it/programmi/sanremo}",
year = "2024",
note = "Sito del festival di Sanremo",
}

@misc{Rateyourmusic:2,
title = "Rateyourmusic",
author = "Sconosciuto",
howpublished = "\url{https://rateyourmusic.com/}",
year = "2001",
note = "Database musicale",
}